@book {euclid,
    AUTHOR = {Euclid},
     TITLE = {Euclid's {\it {E}lements}},
      NOTE = {All thirteen books complete in one volume,
              The Thomas L. Heath translation,
              Edited by Dana Densmore},
 PUBLISHER = {Green Lion Press, Santa Fe, NM},
      YEAR = {2002},
     PAGES = {xxx+499},
      ISBN = {1-888009-18-7; 1-888009-19-5},
   MRCLASS = {01A75 (01A20 01A60 51-03)},
  MRNUMBER = {1932864},
MRREVIEWER = {B. Artmann},
}

@techreport{c99,
  abstract = {This is the "combined C99 + TC1 + TC2, WG14 N1124, dated 2005-05-06. This is a WG14 working paper, but it reflects the consolidated standard at the time of issue."},
  added-at = {2007-02-10T16:23:05.000+0100},
  author = {ISO},
  biburl = {https://www.bibsonomy.org/bibtex/22923115ad6638e5e63eda4ac81370a76/mobileink},
  description = {C Language ISO 1999},
  editor = {WG14},
  interhash = {fd8756a3957faf0ec6a78712ab07b4d7},
  intrahash = {2923115ad6638e5e63eda4ac81370a76},
  keywords = {c c99 iso standard},
  note = {ISO/IEC 9899:1999 draft},
  timestamp = {2007-08-28T18:07:21.000+0200},
  title = {ISO C Standard 1999},
  url = {http://www.open-std.org/jtc1/sc22/wg14/www/docs/n1124.pdf},
  year = 1999
}

@MISC{smtlib,
  author =	 {Clark Barrett and Pascal Fontaine and Cesare Tinelli},
  title =	 {{The Satisfiability Modulo Theories Library (SMT-LIB)}},
  howpublished = {{\tt www.SMT-LIB.org}},
  year =	 2016,
}

@article{cooper,
    author = {Cooper, D. C.},
    citeulike-article-id = {3169537},
    citeulike-linkout-0 = {http://citeseerx.ist.psu.edu/showciting?cid=697241},
    journal = {Machine Intelligence 7},
    keywords = {quantifier\_elimination},
    pages = {91--99},
    posted-at = {2008-08-28 13:24:03},
    priority = {0},
    publisher = {Edinburgh University Press},
    title = {Theorem proving in arithmetic without multiplication},
    url = {http://citeseerx.ist.psu.edu/showciting?cid=697241},
    year = {1972}
}

@MISC{mcmt,
  author =	 {Silvio Ghilardi},
  title =	 {{MCMT: Model Checker Modulo Theories}},
  howpublished = {{\tt http://users.mat.unimi.it/users/ghilardi/mcmt/}},
  year =	 2018,
}